<?xml version="1.0" encoding="UTF-8"?><collection xmlns="http://www.loc.gov/MARC21/slim"><record><leader>00597nam--2200193-i-4500</leader><controlfield tag="001">000013446</controlfield><controlfield tag="002">20161230</controlfield><controlfield tag="005">20170116005744</controlfield><controlfield tag="008">060222s1000------------r-----000-0-rum-d</controlfield><datafield ind1=" " ind2=" " tag="040"><subfield code="a">IFIN-HH</subfield></datafield><datafield ind1=" " ind2=" " tag="041"><subfield code="a">rum</subfield></datafield><datafield ind1=" " ind2=" " tag="080"><subfield code="a">533.9 (043)</subfield></datafield><datafield ind1="1" ind2=" " tag="100"><subfield code="a">Avram, Elena</subfield></datafield><datafield ind1="1" ind2="0" tag="245"><subfield code="a">Contributii la fizica si aplicatiile surselor de electroni cu plasma</subfield><subfield code="b">Teza</subfield><subfield code="c">Elena Avram</subfield></datafield><datafield ind1=" " ind2=" " tag="260"><subfield code="a">Bucuresti</subfield><subfield code="b">Institutul De Fizica Si Tehnologia Aparatelor Cu Radiatii</subfield><subfield code="c">1981</subfield></datafield><datafield ind1=" " ind2=" " tag="300"><subfield code="a">170 p</subfield></datafield><datafield ind1=" " ind2=" " tag="502"><subfield code="a">Conducator Stiintific: Dr. Constantin Popovici</subfield></datafield><datafield ind1=" " ind2=" " tag="852"><subfield code="a">48817</subfield><subfield code="c">533.9</subfield></datafield><datafield ind1=" " ind2=" " tag="CAT"><subfield code="a">SYS</subfield><subfield code="c">20170116</subfield><subfield code="h">005744</subfield></datafield></record></collection>